@ARTICLE{quora:kaggle,
	AUTHOR = "Quora",
	TITLE = "Question Pairs Dataset",
	MONTH = "January",
	YEAR = {2017}	}




